@article{smith2020,
  author    = {Smith, J. A.},
  title     = {Identifying Research Problems},
  journal   = {Research Journal},
  year      = {2020},
  volume    = {12},
  number    = {3},
  pages     = {45--67},
  doi       = {10.1234/rj.2020.003},
}

@book{johnson2018,
  author    = {Johnson, M. B.},
  title     = {Theoretical Frameworks in Social Science Research},
  publisher = {Academic Press},
  year      = {2018},
}

@book{williams2019,
  author    = {Williams, R. C.},
  title     = {Structuring Your Thesis: A Step-by-Step Guide},
  publisher = {University Press},
  year      = {2019},
}

@book{taylor2017,
  author    = {Taylor, D.},
  title     = {Research Methods: Data Collection Techniques},
  publisher = {Academic Publishing},
  year      = {2017},
}

@book{brown2021,
  author    = {Brown, K. L.},
  title     = {Statistical Analysis for Social Sciences},
  publisher = {Statistics Press},
  year      = {2021},
}

@software{ibm2020,
  author    = {{IBM Corp.}},
  title     = {IBM SPSS Statistics for Windows (Version 27.0)},
  year      = {2020},
  note      = {[Computer software]},
  url       = {https://www.ibm.com/spss},
}

@book{anderson2018,
  author    = {Anderson, P. Q.},
  title     = {Writing Your Research Report: A Practical Guide},
  publisher = {Research Publishing},
  year      = {2018},
}

@book{davis2022,
  author    = {Davis, S. T.},
  title     = {Effective Presentation Skills for Researchers},
  publisher = {Presentation Books},
  year      = {2022},
}

@article{mcafee2020,
  author       = {McAfee},
  title        = {Title of the report or article},
  year         = {2020},
  url          = {https://www.mcafee.com},
}
@article{jakobsson2007,
  author       = {Jakobsson, Markus and Myers, Seth},
  title        = {Title of the article/book chapter},
  journal      = {Journal Name or Book Title},
  volume       = {Volume number},
  number       = {Issue number},
  pages        = {Page range},
  year         = {2007},
  doi          = {DOI number if available},
}
@article{fireeye2021,
  author       = {{FireEye}},
  title        = {Title of the article/book chapter},
  journal      = {Journal Name or Book Title},
  volume       = {Volume number},
  number       = {Issue number},
  pages        = {Page range},
  year         = {2021},
  doi          = {DOI number if available},
}
